@article{Boylan_Kolchin_2009,
   title={Resolving cosmic structure formation with the Millennium-II Simulation},
   volume={398},
   ISSN={1365-2966},
   url={http://dx.doi.org/10.1111/j.1365-2966.2009.15191.x},
   DOI={10.1111/j.1365-2966.2009.15191.x},
   number={3},
   journal={Monthly Notices of the Royal Astronomical Society},
   publisher={Oxford University Press (OUP)},
   author={Boylan-Kolchin, Michael and Springel, Volker and White, Simon D. M. and Jenkins, Adrian and Lemson, Gerard},
   year={2009},
   month={Sep},
   pages={1150–1164}
}
@article{Kim_2013,
   title={THE AGORA HIGH-RESOLUTION GALAXY SIMULATIONS COMPARISON PROJECT},
   volume={210},
   ISSN={1538-4365},
   url={http://dx.doi.org/10.1088/0067-0049/210/1/14},
   DOI={10.1088/0067-0049/210/1/14},
   number={1},
   journal={The Astrophysical Journal Supplement Series},
   publisher={American Astronomical Society},
   author={Kim, Ji-hoon and Abel, Tom and Agertz, Oscar and Bryan, Greg L. and Ceverino, Daniel and Christensen, Charlotte and Conroy, Charlie and Dekel, Avishai and Gnedin, Nickolay Y. and Goldbaum, Nathan J. and et al.},
   year={2013},
   month={Dec},
   pages={14}
}
@article{Profumo_2012,
   title={Dissecting cosmic-ray electron-positron data with Occam’s razor: the role of known pulsars},
   volume={10},
   ISSN={2391-5471},
   url={http://dx.doi.org/10.2478/s11534-011-0099-z},
   DOI={10.2478/s11534-011-0099-z},
   number={1},
   journal={Open Physics},
   publisher={Walter de Gruyter GmbH},
   author={Profumo, Stefano},
   year={2012},
   month={Jan},
   pages={1–31}
}
@article{Bertone_2005,
   title={Particle dark matter: evidence, candidates and constraints},
   volume={405},
   ISSN={0370-1573},
   url={http://dx.doi.org/10.1016/j.physrep.2004.08.031},
   DOI={10.1016/j.physrep.2004.08.031},
   number={5-6},
   journal={Physics Reports},
   publisher={Elsevier BV},
   author={Bertone, Gianfranco and Hooper, Dan and Silk, Joseph},
   year={2005},
   month={Jan},
   pages={279–390}
}
@article{PETRAKI_2013,
   title={REVIEW OF ASYMMETRIC DARK MATTER},
   volume={28},
   ISSN={1793-656X},
   url={http://dx.doi.org/10.1142/S0217751X13300287},
   DOI={10.1142/s0217751x13300287},
   number={19},
   journal={International Journal of Modern Physics A},
   publisher={World Scientific Pub Co Pte Lt},
   author={PETRAKI, KALLIOPI and VOLKAS, RAYMOND R.},
   year={2013},
   month={Jul},
   pages={1330028}
}

